@article{Sirunyan:2017roi,
      author         = "A. M. Sirunyan {\it et al.}  [CMS Collaboration]",
      title          = "{Search for standard model production of four top quarks
                        with same-sign and multilepton final states in
                        proton-proton collisions at $\sqrt{s} =$ 13 TeV}",
      collaboration  = "CMS",
      note           = "submitted to Eur.Phys.J. C",
      year           = "2017",
      eprint         = "1710.10614",
      archivePrefix  = "arXiv",
      primaryClass   = "hep-ex",
      reportNumber   = "CMS-TOP-17-009, CERN-EP-2017-262",
      SLACcitation   = "%%CITATION = ARXIV:1710.10614;%%"
}

@article{Sirunyan:2017tep,
      author         = " A. M. Sirunyan {\it et al.}  [CMS Collaboration]",
      title          = "{Search for standard model production of four top quarks in proton-proton collisions at $\sqrt{s}$ = 13 TeV}",
      collaboration  = "CMS",
      journal        = "Phys. Lett.",
      volume         = "B772",
      year           = "2017",
      pages          = "336-358",
      doi            = "10.1016/j.physletb.2017.06.064",
      eprint         = "1702.06164",
      archivePrefix  = "arXiv",
      primaryClass   = "hep-ex",
      reportNumber   = "CMS-TOP-16-016, CERN-EP-2017-023",
      SLACcitation   = "%%CITATION = ARXIV:1702.06164;%%"
}


@preprint{CMS:2016wig,
      author         = "{V.~Khachatryan {\it et al.} [CMS Collaboration]}",
      title          = "{Search for standard model production of four top quarks in proton-proton collisions at 13 TeV}",
      collaboration  = "CMS",
      year           = "2016",
      note   = "CMS public document CMS-PAS-TOP-16-016"
}

@Article{Lillie:2007hd,
      author         = "{B.~Lillie, J.~Shu and T.~Tait}",
      title          = "{Top Compositeness at the Tevatron and LHC}",
      journal        = "JHEP",
      volume         = "04",
      year           = "2008",
      pages          = "087",
      doi            = "10.1088/1126-6708/2008/04/087",
      note         = "[arXiv:0712.3057 [hep-ph]]"
}

@Article{Gregoire:2011ka,
      author         = "{T.~Gregoire, E.~Katz and V.~Sanz}",
      title          = "{Four top quarks in extensions of the standard model}",
      journal        = "Phys. Rev.",
      volume         = "\textbf{D85}",
      year           = "2012",
      pages          = "055024",
      doi            = "10.1103/PhysRevD.85.055024",
      note         = "[arXiv:1101.1294 [hep-ph]]"
}


@Article{Sirunyan:2017uyt,
      author         = "A. M. Sirunyan  {\it et al.} [CMS Collaboration]",
      title          = "{Search for physics beyond the standard model in events
                        with two leptons of same sign, missing transverse
                        momentum, and jets in proton-proton collisions at
                        $\sqrt{s} = 13\,\text {TeV} $}",
      collaboration  = "CMS",
      journal        = "Eur. Phys. J.",
      volume         = "C77",
      year           = "2017",
      number         = "9",
      pages          = "578",
      doi            = "10.1140/epjc/s10052-017-5079-z",
      eprint         = "1704.07323",
      archivePrefix  = "arXiv",
      primaryClass   = "hep-ex",
      reportNumber   = "CMS-SUS-16-035, CERN-EP-2017-071",
      SLACcitation   = "%%CITATION = ARXIV:1704.07323;%%"
}

@Article{Khachatryan:2016kod,
      author         = "{V.~Khachatryan {\it et al.} [CMS Collaboration]}",
      title          = "{Search for new physics in same-sign dilepton events in
                        proton-proton collisions at $\sqrt{s} = 13\,\text {TeV}
                        $}",
      collaboration  = "CMS",
      journal        = "Eur. Phys. J.",
      volume         = "C76",
      year           = "2016",
      number         = "8",
      pages          = "439",
      doi            = "10.1140/epjc/s10052-016-4261-z",
      note         = "[arXiv:1605.03171 [hep-ex]]"
}

@Article{Pomarol:2008bh,
      author         = "A.~Pomarol and J.~Serra",
      title          = "{Top Quark Compositeness: Feasibility and Implications}",
      journal        = "Phys. Rev.",
      volume         = "\textbf{D78}",
      year           = "2008",
      pages          = "074026",
      doi            = "10.1103/PhysRevD.78.074026",
      note         = "[arXiv:0806.3247 [hep-ph]]"
}

@article{Aaboud:2017faq,
      author         = "M.~Aaboud {\it et al.} [ATLAS collaboration]",
      title          = "{Search for new phenomena in a lepton plus high jet
                        multiplicity final state with the ATLAS experiment using $
                        \sqrt{s}=13 $ TeV proton-proton collision data}",
      collaboration  = "ATLAS",
      journal        = "JHEP",
      volume         = "09",
      year           = "2017",
      pages          = "088",
      doi            = "10.1007/JHEP09(2017)088",
      eprint         = "1704.08493",
      archivePrefix  = "arXiv",
      primaryClass   = "hep-ex",
      reportNumber   = "CERN-EP-2017-053",
      SLACcitation   = "%%CITATION = ARXIV:1704.08493;%%"
}

@inproceedings{ATLAS:2016gqb,
      author         = "The ATLAS collaboration",
      title          = "{Search for four-top-quark production in final states
                        with one charged lepton and multiple jets using 3.2
                        fb$^{-1}$ of proton-proton collisions at $\sqrt{s}$ = 13
                        TeV with the ATLAS detector at the LHC}",
      collaboration  = "ATLAS",
      year           = "2016",
      reportNumber   = "ATLAS-CONF-2016-020",
      SLACcitation   = "%%CITATION = ATLAS-CONF-2016-020;%%",
      booktitle      = "Proceedings of 50th Rencontres de Moriond on QCD and High Energy Interactions, La Thuile, Italy, 21 - 28 Mar 2015"
}

@article{Cao:2016wib,
      author         = "Cao, Qing-Hong and Chen, Shao-Long and Liu, Yandong",
      title          = "{Probing Higgs Width and Top Quark Yukawa Coupling from
                        $t\bar{t}H$ and $t\bar{t}t\bar{t}$ Productions}",
      journal        = "Phys. Rev.",
      volume         = "D95",
      year           = "2017",
      number         = "5",
      pages          = "053004",
      doi            = "10.1103/PhysRevD.95.053004",
      eprint         = "1602.01934",
      archivePrefix  = "arXiv",
      primaryClass   = "hep-ph",
      SLACcitation   = "%%CITATION = ARXIV:1602.01934;%%"
}



@inproceedings{Beck:2016hyi,
      author         = {L.~Beck on behalf of the CMS Collaboration},
      title          = "{The search for standard model four-top-quark production
                        at $\sqrt{s}$ = 13 TeV in the single lepton and
                        opposite-sign dilepton channels}",
      booktitle      = "{Proceedings of 9th International Workshop on Top Quark Physics (TOP
                        2016) Olomouc, Czech Republic, September 19-23, 2016}",
      collaboration  = "CMS",
      url            = "http://inspirehep.net/record/1500694/files/arXiv:1611.09607.pdf",
      year           = "2016",
      eprint         = "1611.09607",
      archivePrefix  = "arXiv",
      primaryClass   = "hep-ex",
      reportNumber   = "CMS-CR-2016-420",
      SLACcitation   = "%%CITATION = ARXIV:1611.09607;%%"
}

@Article{Aad:2012tfa,
    author	= {G.~Aad {\it et al.} [ATLAS Collaboration]},
    year	= 2012,
    title	= {{ Observation of a New Particle in the Search for the Standard Model Higgs Boson with the ATLAS Detector At the LHC}},
    volume	= 716,
    note	= {[arXiv:1207.7214 [hep-ex]].},
    journal = {Phys.\ Lett.\ \textbf{B}},
    pages   = 1
}
@Article{Chatrchyan:2012xdj,
    author	= {S.~Chatrchyan {\it et al.} [CMS Collaboration]},
    year	= 2012,
    title	= {{ Observation of a New Boson At a Mass of 125 GeV with the CMS Experiment At the LHC}},
    volume	= 716,
    note	= {[arXiv:1207.7235 [hep-ex]].},
    journal = {Phys.\ Lett.\ \textbf{B}},
    pages   = 30
}

@Article{Dicus:1994bm,
      author         = " D. Dicus {\it et al.}",
      title          = "{Higgs decay to top quarks at hadron colliders}",
      journal        = "Phys. Lett.",
      volume         = "B333",
      year           = "1994",
      pages          = "126-131",
      doi            = "10.1016/0370-2693(94)91017-0",
      eprint         = "hep-ph/9404359",
      archivePrefix  = "arXiv",
      primaryClass   = "hep-ph",
      reportNumber   = "CPP-94-18, BNL-60339, ILL-TH-94-9",
      SLACcitation   = "%%CITATION = HEP-PH/9404359;%%"
}

@Article{Craig:2016ygr,
      author         = "N.Craig {\it et al.}",
      title          = "{Heavy Higgs bosons at low $\tan \beta$: from the LHC to
                        100 TeV}",
      journal        = "JHEP",
      volume         = "01",
      year           = "2017",
      pages          = "018",
      doi            = "10.1007/JHEP01(2017)018",
      eprint         = "1605.08744",
      archivePrefix  = "arXiv",
      primaryClass   = "hep-ph",
      SLACcitation   = "%%CITATION = ARXIV:1605.08744;%%"
}

@Article{Craig:2015jba,
      author         = "N. Craig {\it et al.}",
      title          = "{The Hunt for the Rest of the Higgs Bosons}",
      journal        = "JHEP",
      volume         = "06",
      year           = "2015",
      pages          = "137",
      doi            = "10.1007/JHEP06(2015)137",
      eprint         = "1504.04630",
      archivePrefix  = "arXiv",
      primaryClass   = "hep-ph",
      SLACcitation   = "%%CITATION = ARXIV:1504.04630;%%"
}

@Article{Agashe:2014kda,
    author	= {K.~A.~Olive {\it et al.} [Particle Data Group Collaboration]},
    year	= 2014,
    title	= { Review of Particle Physics},
    volume	= 38,
    journal = {Chin.\ Phys.\ \textbf{C}},
    pages   = 090001
}
@Article{Agashe:2006hk,
    author	= {K.~Agashe {\it et al.}},
    year	= 2008,
    title	= { {LHC} Signals from Warped Extra Dimensions},
    volume	= 77,
    note	= {[hep-ph/0612015].},
    journal = {Phys.\ Rev.\ \textbf{D}},
    pages   = 015003
}
@Article{Davoudiasl:1999jd,
    author	= {H.~Davoudiasl, J.~L.~Hewett and T.~G.~Rizzo},
    year	= 2000,
    title	= {Phenomenology of the {Randall-Sundrum} Gauge Hierarchy Model},
    volume	= 84,
    note	= {[hep-ph/9909255].},
    journal = {Phys.\ Rev.\ Lett.},
    pages   = 2080
}
@Article{Langacker:2008yv,
    author	= {P.~Langacker},
    year	= 2009,
    title	= {The Physics of Heavy {$Z^\prime$} Gauge Bosons},
    volume	= 81,
    note	= {[arXiv:0801.1345 [hep-ph]].},
    journal = {Rev.\ Mod.\ Phys.},
    pages   = 1199
}
@Article{Plehn:2008ae,
    author	= {T.~Plehn and T.~M.~P.~Tait},
    year	= 2009,
    title	= { Seeking Sgluons},
    volume	= 36,
    note	= {[arXiv:0810.3919 [hep-ph]].},
    journal = {J.\ Phys.\ \textbf{G}},
    pages   = 075001
}
@Article{GoncalvesNetto:2012nt,
    author	= {D.~Goncalves-Netto {\it et al.}},
    year	= 2012,
    title	= { Sgluon Pair Production to Next-to-Leading Order},
    volume	= 85,
    note	= {[arXiv:1203.6358 [hep-ph]].},
    journal = {Phys.\ Rev.\ \textbf{D}},
    pages   = 114024
}
@Article{Aguilar-Saavedra:2013qpa,
    author	= {J.~A.~Aguilar-Saavedra, R.~Benbrik, S.~Heinemeyer and M.~Pérez-Victoria},
    year	= 2013,
    title	= {Handbook of Vectorlike Quarks: Mixing And Single Production},
    volume	= 88,
    note	= {[arXiv:1306.0572 [hep-ph]].},
    journal = {Phys.\ Rev.\ \textbf{D}},
    pages   = 094010
}
@Article{CMS:2014dpa,
    author	= {V.~Khachatryan {\it et al.} [CMS Collaboration]},
    year	= 2015,
    title	= {Searches for Supersymmetry Based on Events with b Jets and Four {W} Bosons in {$pp$} Collisions At 8 {TeV}},
    volume	= 745,
    note	= {[arXiv:1412.4109 [hep-ex]].},
    journal = {Phys.\ Lett.\ \textbf{B}},
    pages   = 5
}
@Article{Khachatryan:2015sma,
    author	= {V.~Khachatryan {\it et al.} [CMS Collaboration]},
    year	= 2016,
    title	= { Search for Resonant {$t \bar t$} production in proton-proton collisions at {$\sqrt s=8$}   {TeV}},
    volume	= 93,
    note	= {[arXiv:1506.03062 [hep-ex]].},
    journal = {Phys.\ Rev.\ \textbf{D}},
    pages   = 012001
}
@Article{Khachatryan:2015oba,
    author	= {V.~Khachatryan {\it et al.} [CMS Collaboration]},
    year	= 2016,
    title	= { Search for Vector-Like Charge 2/3 {T} Quarks in Proton-Proton Collisions at {$\sqrt{s}$} = 8 {TeV}},
    note	= {arXiv:1509.04177 [hep-ex].}
}
@Article{Beck:2015cga,
    author	= "{L.~Beck, {\it et al.}}",
    year	= 2015,
    title	= {Probing Top-philic {Sgluons} with {LHC} {Run} {I} Data},
    volume	= 746,
    note	= {[arXiv:1501.07580 [hep-ph]].},
    journal = {Phys.\ Lett.\ \textbf{B}},
    pages   = 48
}
@Article{Khachatryan:2014sca,
    author	= {V.~Khachatryan {\it et al.} [CMS Collaboration]},
    year	= 2014,
    title	= {Search for Standard Model Production of Four Top Quarks in the Lepton + Jets Channel in {$pp$} Collisions at {$\sqrt{s}$} = 8 {TeV}},
    volume	= 1411,
    note	= {[arXiv:1409.7339 [hep-ex]].},
    journal = {JHEP},
    pages   = 154
}
@Article{Aad:2015kqa,
    author	= {G.~Aad {\it et al.} [ATLAS Collaboration]},
    year	= 2015,
    title	= { Search for Production of Vector-like Quark Pairs and of Four Top Quarks in the Lepton-plus-jets Final State in {$pp$} collisions at {$\sqrt{s}=8$} {TeV} with the {ATLAS} detector},
    volume	= 1508,
    note	= {[arXiv:1505.04306 [hep-ex]].},
    journal = {JHEP},
    pages   = 105
}
@Article{Chen:2014ewl,
    author	= {C.~R.~Chen},
    year	= 2014,
    title	= {Searching for New Physics with Triple-top Signal At the {LHC}},
    volume	= 736,
    note	= {},
    journal = {Phys.\ Lett.\ \textbf{B}},
    pages   = 321
}
@Article{Barger:2010uw,
    author	= {V.~Barger, W.~Y.~Keung and B.~Yencho},
    year	= 2010,
    title	= {Triple-Top Signal of New Physics At the {LHC}},
    volume	= 687,
    note	= {[arXiv:1001.0221 [hep-ph]].},
    journal = {Phys.\ Lett.\ \textbf{B}},
    pages   = 70
}

@Article{Frederix:2017wme,
      author         = "R. Frederix  {\it et al.}",
      title          = "{Large NLO corrections in $t\bar{t}W^{\pm}$ and
                        $t\bar{t}t\bar{t}$ hadroproduction from supposedly
                        subleading EW contributions}",
      year           = "2017",
      eprint         = "1711.02116",
      archivePrefix  = "arXiv",
      primaryClass   = "hep-ph",
      SLACcitation   = "%%CITATION = ARXIV:1711.02116;%%"
}

@Article{Bevilacqua:2012em,
    author	= {G.~Bevilacqua and M.~Worek},
    year	= 2012,
    title	= {{ Constraining BSM Physics At the LHC: Four Top Final States with NLO Accuracy in Perturbative QCD} },
    volume  = 1207,
    note	= {[arXiv:1206.3064 [hep-ph]].},
    journal = {JHEP},
    pages   = 111
}
@Article{Bevilacqua:2014qfa,
    author	= {G.~Bevilacqua and M.~Worek},
    year	= 2014,
    title	= {On the Ratio of {$ t\overline{t} b\overline{b}$} and {$t\overline{t}jj$} cross sections at the CERN Large Hadron Collider},
    volume	= 1407,
    note	= {[arXiv:1403.2046 [hep-ph]].},
    journal = {JHEP},
    pages   = 135
}
@Article{Chatrchyan:2012jua,
    author	= {S.~Chatrchyan {\it et al.} [CMS Collaboration]},
    year	= 2013,
    title	= {Identification of B-quark Jets with the {CMS} Experiment} ,
	volume  = 8,
    note	= {[arXiv:1211.4462 [hep-ex]].},
    journal = {JINST},
    pages   = P04013
}
@Article{CMS:2013vea,
    author	= {S.~Chatrchyan {\it et al.} [CMS Collaboration]},
    year	= 2013,
    title	= {Performance of b-tagging at {$\sqrt{s}$}=8 {TeV} in multijet, {$t\overline{t}$} and boosted topology events},
    note	= {CMS-PAS-BTV-13-001}
}
@Article{Aad:2015cua,
    author	= {S.~Chatrchyan {\it et al.} [CMS Collaboration], G.~Aad {\it et al.} [ATLAS Collaboration]},
    year	= 2013,
    title	= { Measurement of jet charge in dijet events from {$\sqrt{s}$}=8 {TeV} {$pp$} collisions with the {ATLAS} detector},
    note	= { arXiv:1509.05190 [hep-ex].}
}
@Article{ATLAS:2015jetcharge,
    author	= {G.~Aad {\it et al.} [ATLAS Collaboration]},
    title   = {A new method for b-jet charge reconstruction },
    year	= 2013,
    note	= {Public note: ATL-PHYS-PUB-2015-040}
}
@Article{Bertolini:2014bba,
    author	= {D.~Bertolini, P.~Harris, M.~Low and N.~Tran},
    year	= 2014,
    title	= {Pileup Per Particle Identification},
    volume  = 1410,
    note	= {[arXiv:1407.6013 [hep-ph]].},
    journal = {JHEP},
    pages   = 59
}
@Article{heptoptagger,
    author	= {J.~Conway, J.~Dolen, R.~Erbacher et al.},
    year	= 2013,
    title	= {{Boosted Top Jet Tagging At CMS}},
    note	= {CMS NOTE 2013/029}
}
@Article{Kaplan:2008ie,
    author	= {D.~E.~Kaplan, K.~Rehermann, M.~D.~Schwartz and B.~Tweedie},
    year	= 2008,
    title	= {Top Tagging: A Method for Identifying Boosted Hadronically Decaying Top Quarks},
    volume	= 101,
    note	= {[arXiv:0806.0848 [hep-ph]].},
    journal = {Phys.\ Rev.\ Lett. },
    pages   = 142001
}
@Article{CMS:2014fya,
    author	= {D.~E.~Kaplan, K.~Rehermann, M.~D.~Schwartz and B.~Tweedie {\it et al.} [CMS Collaboration]},
    year	= 2008,
    title	= {Boosted Top Jet Tagging at {CMS}},
    note	= {CMS-PAS-JME-13--007}
}

@Article{Junk:1999kv,
    author	= {T.~Junk},
    year	= 1999,
    title	= {Confidence Level Computation for Combining Searches with Small Statistics},
    volume	= 434,
    note	= {[hep-ex/9902006].},
    journal = {Nucl.\ Instrum.\ Meth.\ \textbf{A}},
    pages	= {435}
}

@Article{Read:2002hq,
    author	= {A.~L.~Read},
    year	= 2002,
    title	= {Presentation of Search Results: The {$CL_S$} Technique},
    volume	= 28,
    pages	= {2693},
    note	= {},
    journal = {J.\ Phys.\ \textbf{G}}
}

@Article{Abramowicz:2012jz,
    author	= {H.~Abramowicz {\it et al.} [ZEUS Collaboration]},
    year	= 2012,
    title	= {Inclusive-jet Photoproduction At {HERA} and Determination of {$\alpha_s$}},
    volume	= 864,
    note	= {[arXiv:1205.6153 [hep-ex]].},
    journal = {Nucl.\ Phys.\ \textbf{B}},
    pages   =  1
}

@article{Agashe:2004rs,
      author         = {Agashe, Kaustubh and Contino, Roberto and Pomarol, Alex},
      title          = {The Minimal composite Higgs model},
      journal        =  {Nucl.\ Phys.\ \textbf{B}},
      volume         = 719,
      year           = 2005,
      pages          = 165,
      note	= {[arXiv:hep-ph/0412089 [hep-ph]].}
}

@article{Zhang:2017mls,
      author         = "C. Zhang",
      title          = "{Constraining $qqtt$ operators from four-top production:
                        a case for enhanced EFT sensitivity}",
      year           = "2017",
      eprint         = "1708.05928",
      archivePrefix  = "arXiv",
      primaryClass   = "hep-ph",
      SLACcitation   = "%%CITATION = ARXIV:1708.05928;%%"
}

@article{Ellis:1985vn,
      author         = "S. D. Ellis {\it et al.}",
      title          = "{W's, Z's and Jets}",
      journal        = "Phys. Lett.",
      volume         = "154B",
      year           = "1985",
      pages          = "435-440",
      doi            = "10.1016/0370-2693(85)90425-3",
      reportNumber   = "CERN-TH 4096/85",
      SLACcitation   = "%%CITATION = PHLTA,154B,435;%%"
}

@article{Gerwick:2012hq,
      author         = "E.Gerwick {\it et al.}",
      title          = "{Scaling Patterns for QCD Jets}",
      journal        = "JHEP",
      volume         = "10",
      year           = "2012",
      pages          = "162",
      doi            = "10.1007/JHEP10(2012)162",
      eprint         = "1208.3676",
      archivePrefix  = "arXiv",
      primaryClass   = "hep-ph",
      SLACcitation   = "%%CITATION = ARXIV:1208.3676;%%"
}


@book{DegrandeEFTthesis,
	author			= "C. Degrande",
	title			= "Effective field theories in the Standard Model and beyond",
	publisher		= "Université Catholique de Louvain",
	location		= "Louvain, Belgium",
	year			= "2011",
	note			= "PhD thesis"
}
@book{MathiasThesis,
	author			= "M. Mancini",
	title			= "Comparison of the LHC results to production of four top quarks using Effective Field Theory and MSSM models",
	publisher		= "Vrije Universiteit Brussel",
	location		= "Brussels, Belgium",
	year			= "2017",
	note			= "BSc thesis (Promotors: D. Lontkovskyi and F. Blekman), CMS note AN-2017/191"
}
